@article{abia,
author = {ABIA},
journal = {Associação Brasileira das Indústrias de Alimentos},
number = {1},
pages = {1--3},
title = {{A Força do Setor de Alimentos}},
url = {http://abia.org.br/vst/AForcadoSetordeAlimentos.pdf},
volume = {1},
year = {2013}
}
% Citado na: - Introdução
% Dados da indústria de alimentos no Brasil
% não impresso

@misc{gov-ibge,
author = {IBGE},
institution = {Instituto Brasileiro de Geografia e Estatística},
publisher = {Ministério do Desenvolvimento, Indústria e Comércio},
title = {{Produção Física da Indústria, por Classe e Gênero}},
url = {http://www.mdic.gov.br/arquivos/dwnl_1337260114.pdf},
year = {2013}
}
% Citado na: - Introdução
% Dados do IBGE sobre a indústria de alimentos no Brasil
% não impresso

@article{obstaculos,
author = {Sérgio Queiroz},
journal = {Revista USP},
number = {89},
pages = {244--255},
title = {{Obstáculos ao investimento em P&D de empresas estrangeiras no Brasil}},
volume = {1},
year = {2011}
}
% Citado na: - Introdução
% Fala sobre os investimentod em P&D no Brasil
% não impresso


% Citado na: - Introdução
% Fala tipo de indústria no brasil e desenvolvimento tecnológico
% não impresso
@article{joao_da_silva,
author = {Ruiz, Ana Urraca and de Paiva Britto, Jorge Nogueira and de Souza, Karla Sarmento Gonçalves},
journal = {Revista Econômica},
number = {1},
pages = {244--255},
title = {{Qualificando o caráter regressivo da especialização industrial do Brasil}},
volume = {1},
year = {2014}
}


@article{challenges,
  title={Challenges facing food engineering},
  author={Saguy, I Sam and Singh, R Paul and Johnson, Tim and Fryer, Peter J and Sastry, Sudhir K},
  journal={Journal of Food Engineering},
  volume={119},
  number={2},
  pages={332--342},
  year={2013},
  publisher={Elsevier}
}
% Citado na: Introdução
% Fala sobre nos novos desafios da industria de alimentos
% 02

@article{future-trends,
  title={Future trends in process automation},
  author={J{\"a}ms{\"a}-Jounela, Sirkka-Liisa},
  journal={Annual Reviews in Control},
  volume={31},
  number={2},
  pages={211--220},
  year={2011},
  publisher={Elsevier}
}
% Citado na: - Introdução - Revisão(int)
% 
% Estatísicas de uso de automação em processos de automação
% 01


@book{history-computer,
  title={The Future of Computing Performance: Game Over or Next Level ?},
  author={Samuel H. Fuller and Lynette I. Millett, Editors; Committee on Sustaining Growth in Computing Performance; National Research Council},
  isbn={9780309159517},
  url={http://www.nap.edu/openbook.php?record_id=12980},
  year={2011},
  publisher={The National Academies Press}
}
% Citado na: - Introdução
% Mostra a evolução dos computadores - processamento/memória ao longo do tempo
% não impresso

@article{food-processing-control,
author = {G. Trystram, F. Courtois},
journal = {Food Research International},
number = {27},
pages = {173-185},
title = {{Food processing control - Reality and problems}},
volume = {1},
year = {1994}
}
% Citado na: - Revisão(controle e automacao)
% 
% Revisão sobre controle na engenharia de alimentos
% 03

@article{process-monitoring-online,
author = {J. D. Selman},
journal = {Food control},
number = {04},
pages = {36-39},
title = {{Process monitoring and control on-line in the food industry}},
volume = {1},
year = {1990}
}
% Citado na: - Revisão(controle e automacao)
% 
% Revisão sobre controle e monitoramento em tempo real
% 04

@article{advances-intelligent,
author = {R. Simpson, A. Teixeira, S. Almonacid},
journal = {Food Control},
number = {18},
pages = {821-833},
title = {{Advances with intelligent on-line report control and automation in thermal processing of canned foods}},
volume = {1},
year = {2006}
}
% Citado na: - Revisão(controle e automacao)
% 
% Revisão sistemas inteligenstes de controle
% 05

@book{cite-history-of-control,
  title={A history of control engineering, 1800-1930},
  author={Stuart Bennett},
  isbn={978-0-86341-047-5},
  year={1986},
  publisher={IET}
}
% Citado na: - Revisão Controle PID
% Fala sobre os primeiros controles pid
% Não Impresso

@article{pid-Minorsky,
author = {Nicolas Minorsky},
journal = {J. Amer. Soc. Naval Eng},
number = {34},
pages = {280-309},
title = {{Directional stability of automatically steered bodies}},
volume = {1},
year = {1922}
}
% Citado na: - Revisão(controle e automacao)
% 
% Primeiro artigo que trada sobre controle pid
% Não Impresso

@article{pid,
author = {Carl Knospe},
journal = {Control System Magazine},
number = {33},
pages = {30-41},
title = {{PID Control}},
volume = {1},
year = {2006}
}
% Citado na: - Revisao( Controle e automação / PID )
%
% Fala sobre o uso do controle PID na indústria
% 06

@article{survey-automation,
  title={A survey of automation practices in the food industry},
  author={Ilyukhin, Sasha V and Haley, Timothy A and Singh, Rakesh K},
  journal={Food Control},
  volume={12},
  number={5},
  pages={285--296},
  year={2001},
  publisher={Elsevier}
}
% Citado na: Revisao (Controle e automação )
%
% Fala sobre os processos de automação na ind. de al,
% 07

@inproceedings{clp-microcontrolador,
title={Designing, Building, and Testing a Microcontroller-Based System for Industrial           Applications},
author={Hoehn, Richard and Sbenaty, Saleh M},
booktitle={Proceedings of the 2005 ASEE Gulf-Southwest Annual Conference},
year={2005}
}
% Internet

@book{arduino-livro,
  title={Arduino básico},
  author={McRoberts, Michael},
  year={2011},
  publisher={Novatec Editora}
}
% Livro Arduino Básico (gustavo)

@article{arduino-testes,
  title={Arduino: A low-cost multipurpose lab equipment},
  author={D’Ausilio, Alessandro},
  journal={Behavior research methods},
  volume={44},
  number={2},
  pages={305--313},
  year={2012},
  publisher={Springer}
}
% Internet

@inproceedings{arduino-buechley,
  title={The LilyPad Arduino: using computational textiles to investigate engagement, aesthetics, and diversity in computer science education},
  author={Buechley, Leah and Eisenberg, Mike and Catchen, Jaime and Crockett, Ali},
  booktitle={Proceedings of the SIGCHI conference on Human factors in computing systems},
  pages={423--432},
  year={2008},
  organization={ACM}
}
% Internet

@book{processing,
  title={Processing: a programming handbook for visual designers and artists},
  author={Reas, Casey and Fry, Ben},
  volume={6812},
  year={2007},
  publisher={Mit Press}
}
% Livro Internet

@inproceedings{arduino-araujo,
  title={Integrating Arduino-based educational mobile robots in ROS},
  author={Ara{\'u}jo, Andr{\'e} and Portugal, David and Couceiro, Micael S and Rocha, Rui P},
  booktitle={Autonomous Robot Systems (Robotica), 2013 13th International Conference on},
  pages={1--6},
  year={2013},
  organization={IEEE}
}

@article{arduino-barrett,
  title={Arduino Microcontroller Processing for Everyone!},
  author={Barrett, Steven F},
  journal={Synthesis Lectures on Digital Circuits and Systems},
  volume={8},
  number={4},
  pages={1--513},
  year={2013},
  publisher={Morgan \& Claypool Publishers}
}

@article{low-cost-computing,
  title={Ultra-low-cost computing and developing countries},
  author={Heeks, Richard and Robinson, Andrew},
  journal={Communications of the ACM},
  volume={56},
  number={8},
  pages={22--24},
  year={2013},
  publisher={ACM}
}

@article{raspberry-pesquisa,
  title={An inexpensive Arduino-based LED stimulator system for vision research},
  author={Teikari, Petteri and Najjar, Raymond P and Malkki, Hemi and Knoblauch, Kenneth and Dumortier, Dominique and Gronfier, Claude and Cooper, Howard M},
  journal={Journal of neuroscience methods},
  volume={211},
  number={2},
  pages={227--236},
  year={2012},
  publisher={Elsevier}
}

@inproceedings{raspberry-embedded,
  title={Tangible embedded linux},
  author={Berdahl, Edgar and Llimona, Quim},
  booktitle={Proceedings of the 7th International Conference on Tangible, Embedded and Embodied Interaction},
  pages={407--410},
  year={2013},
  organization={ACM}
}

@inproceedings{raspberry-data,
  title={Sensomax: An agent-based middleware for decentralized dynamic data-gathering in wireless sensor networks},
  author={Haghighi, Mo and Cliff, Dave},
  booktitle={Collaboration Technologies and Systems (CTS), 2013 International Conference on},
  pages={107--114},
  year={2013},
  organization={IEEE}
}


@article{bacteriano,
  title={Modelling the growth, survival and death of microorganisms in foods: the UK Food Micromodel approach},
  author={McClure, PJ and de W Blackburn, C and Cole, MB and Curtis, PS and Jones, JE and Legan, JD and Ogden, ID and Peck, MW and Roberts, TA and Sutherland, JP and others},
  journal={International journal of food microbiology},
  volume={23},
  number={3},
  pages={265--275},
  year={1994},
  publisher={Elsevier}
}
% Revisão - Modelagem Matemática
% Exemplo de modelagem matemática para crescimento bacteriano

@article{contaminacao,
  title={Contamination in food from packaging material},
  author={Lau, Oi-Wah and Wong, Siu-Kay},
  journal={Journal of Chromatography A},
  volume={882},
  number={1},
  pages={255--270},
  year={2000},
  publisher={Elsevier}
}
% Revisão - Modelagem Matemática
% Exemplo de modelagem matemática para contaminacao


@article{modelling-heat-bread,
  title={Modelling heat and mass transfer in deformable porous media: Application to bread baking},
  author={Nicolas, V and Salagnac, P and Glouannec, Patrick and Ploteau, J-P and Jury, V and Boillereaux, L},
  journal={Journal of Food Engineering},
  volume={130},
  pages={23--35},
  year={2014},
  publisher={Elsevier}
}

@article{computer-aid,
  title={Enabling computer-aided food process engineering: Property estimation equations for transport phenomena-based models},
  author={Gulati, Tushar and Datta, Ashim K},
  journal={Journal of Food Engineering},
  volume={116},
  number={2},
  pages={483--504},
  year={2013},
  publisher={Elsevier}
}

@article{bread-baking,
  title={Study of the bread baking process—II. Mathematical modelling},
  author={Zanoni, B and Pierucci, S and Peri, C},
  journal={Journal of Food Engineering},
  volume={23},
  number={3},
  pages={321--336},
  year={1994},
  publisher={Elsevier}
}

@article{numerical-gas-flow,
  title={Numerical study of the gas flow velocity space in convection reflow oven},
  author={Ill{\'e}s, Bal{\'a}zs, Bak{\'o}, Istv{\'a}n},
  journal={International Journal of Heat and Mass Transfer},
  volume={70},
  pages={185--191},
  year={2014},
  publisher={Elsevier}
}

@article{cfd-modeling,
  title={CFD modeling of heat transfer and flow field in a bakery pilot oven},
  author={Boulet, Micael and Marcos, Bernard and Dostie, Michel and Moresoli, Christine},
  journal={Journal of food engineering},
  volume={97},
  number={3},
  pages={393--402},
  year={2010},
  publisher={Elsevier}
}

@article{tridiagonal,
  title={A review on the inverse of symmetric tridiagonal and block tridiagonal matrices},
  author={Meurant, G{\'e}rard},
  journal={SIAM Journal on Matrix Analysis and Applications},
  volume={13},
  number={3},
  pages={707--728},
  year={1992},
  publisher={SIAM}
}

@phdthesis{arthur,
  title={Desenvolvimento de uma linha experimental de escala reduzida para produção de biscoitos utilizando uma rede de multi sensores com protocolo ZIG-BEE},
  author={Pereira, Luiz Arthur Malta},
  school={Universidade de São Paulo},
  pages={1--117},
  year={2012}
}
